@article{diffie1976new,
	title={New directions in cryptography},
	author={Diffie, Whitfield and Hellman, Martin E},
	journal={Information Theory, IEEE Transactions on},
	volume={22},
	number={6},
	pages={644--654},
	year={1976},
	publisher={IEEE}
}


@techreport{dingledine2004tor,
	title={Tor: The second-generation onion router},
	author={Dingledine, Roger and Mathewson, Nick and Syverson, Paul},
	year={2004},
	institution={DTIC Document}
}

@article{goldschlag1999onion,
	title={Onion routing},
	author={Goldschlag, David and Reed, Michael and Syverson, Paul},
	journal={Communications of the ACM},
	volume={42},
	number={2},
	pages={39--41},
	year={1999},
	publisher={ACM}
}

@book{worldbank2012maximizing,
	title={Information and Communications for Development 2012: Maximizing Mobile},
	author={World Bank},
	year={2012}
}

@techreport{blumberg2009whitepaper,
	title={On Locational Privacy, and How to Avoid Losing it Forever},
	author={Blumbeg, Eckersley},
	year={2009},
	institution={Electronic Frontier Foundation}
}

@article{garfinkel2005voip,
	title={VoIP and Skype security},
	author={Garfinkel, Simson L},
	journal={Tactical Technology Collective},
	volume={12},
	year={2005}
}

@inproceedings{wang2005tracking,
	title={Tracking anonymous peer-to-peer VoIP calls on the internet},
	author={Wang, Xinyuan and Chen, Shiping and Jajodia, Sushil},
	booktitle={Proceedings of the 12th ACM conference on Computer and communications security},
	pages={81--91},
	year={2005},
	organization={ACM}
}

@inproceedings{melchor2007closed,
	title={Closed-circuit unobservable Voice over IP},
	author={Melchor, Carlos Aguilar and Deswarte, Yves and Iguchi-Cartigny, Julien},
	booktitle={Computer Security Applications Conference, 2007. ACSAC 2007. Twenty-Third Annual},
	pages={119--128},
	year={2007},
	organization={IEEE}
}

@inproceedings{perenyi2007skype,
	title={Skype traffic identification},
	author={Per{\'e}nyi, Marcell and Gefferth, Andr{\'a}s and Dang, Trang Dinh and Moln{\'a}r, S{\'a}ndor},
	booktitle={Global Telecommunications Conference, 2007. GLOBECOM'07. IEEE},
	pages={399--404},
	year={2007},
	organization={IEEE}
}

@article{hwang2006wireless,
	title={A wireless-based authentication and anonymous channels for GSM system},
	author={Hwang, Ren-Junn and Li, Jing-Feng and Hsiao, Yu-Kai},
	journal={Journal of Computers},
	volume={17},
	number={1},
	pages={31--36},
	year={2006}
}

@article{peinado2004privacy,
	title={Privacy and authentication protocol providing anonymous channels in GSM},
	author={Peinado, Alberto},
	journal={Computer Communications},
	volume={27},
	number={17},
	pages={1709--1715},
	year={2004},
	publisher={Elsevier}
}

@article{benini2008assessing,
	title={Assessing the risk of intercepting VoIP calls},
	author={Benini, Marco and Sicari, Sabrina},
	journal={Computer Networks},
	volume={52},
	number={12},
	pages={2432--2446},
	year={2008},
	publisher={Elsevier}
}
@article{barbancho2003cryptanalysis,
	title={Cryptanalysis of anonymous channel protocol for large-scale area in wireless communications},
	author={Barbancho, Ana M and Peinado, Alberto},
	journal={Computer Networks},
	volume={43},
	number={6},
	pages={777--785},
	year={2003},
	publisher={Elsevier}
}

@inproceedings{lin2001wireless,
	title={A wireless-based authentication and anonymous channels for large scale area},
	author={Lin, Whe Dar and Jan, Jinn-Ke},
	booktitle={Computers and Communications, 2001. Proceedings. Sixth IEEE Symposium on},
	pages={36--41},
	year={2001},
	organization={IEEE}
}
@article{yang2005secure,
	title={A secure and efficient authentication protocol for anonymous channel in wireless communications},
	author={Yang, Chou-Chen and Tang, Yuan-Liang and Wang, Ren-Chiun and Yang, Hung-Wen},
	journal={Applied Mathematics and Computation},
	volume={169},
	number={2},
	pages={1431--1439},
	year={2005},
	publisher={Elsevier}
}

@article{schulzrinne2003rfc,
	title={RFC 3550},
	author={Schulzrinne, H and Casner, S and Frederick, R and Jacobson, V},
	journal={RTP: a transport protocol for real-time applications},
	volume={7},
	year={2003}
}

